@article{cox1958logistic,
  author  = {Cox, D. R.},
  title   = {The Regression Analysis of Binary Sequences},
  journal = {Journal of the Royal Statistical Society. Series B (Methodological)},
  volume  = {20},
  number  = {2},
  pages   = {215--242},
  year    = {1958},
  publisher = {Wiley for the Royal Statistical Society}
}

@article{bonetti2023comparison,
  author    = {Andrea Bonetti and Marcelino Martínez-Sober and Julio C. Torres and Jose M. Vega and Sebastien Pellerin and Joan Vila-Francés},
  title     = {Comparison between Machine Learning and Deep Learning Approaches for the Detection of Toxic Comments on Social Networks},
  journal   = {Applied Sciences},
  volume    = {13},
  number    = {10},
  pages     = {6038},
  year      = {2023},
  publisher = {MDPI},
  doi       = {10.3390/app13106038},
  url       = {https://www.mdpi.com/2076-3417/13/10/6038}
}

@misc{xgboost2025tutorial,
  author = {XGBoost Developers},
  title = {Introduction to Boosted Trees},
  howpublished = {\url{https://xgboost.readthedocs.io/en/stable/tutorials/model.html}},
  year = {2025},
  note = {Accessed: 2025-05-25}
}

@article{toktarova2023hate,
  author    = {Aigerim Toktarova and Dariga Syrlybay and Bayan Myrzakhmetova and Gulzat Anuarbekova and Gulbarshin Rakhimbayeva and Balkiya Zhylanbaeva and Nabat Suieuova and Mukhtar Kerimbekov},
  title     = {Hate Speech Detection in Social Networks using Machine Learning and Deep Learning Methods},
  journal   = {International Journal of Advanced Computer Science and Applications},
  volume    = {14},
  number    = {5},
  pages     = {1--7},
  year      = {2023},
  publisher = {The Science and Information Organization},
  doi       = {10.14569/IJACSA.2023.0140542},
  url       = {https://dx.doi.org/10.14569/IJACSA.2023.0140542}
}

@article{fieri2023offensive,
  author    = {Brillian Fieri and Derwin Suhartono},
  title     = {Offensive Language Detection Using Soft Voting Ensemble Model},
  journal   = {MENDEL},
  volume    = {29},
  number    = {1},
  pages     = {11--20},
  year      = {2023},
  publisher = {Brno University of Technology},
  doi       = {10.13164/mendel.2023.1.011},
  url       = {https://mendel-journal.org/index.php/mendel/article/view/211}
}

@article{almeida2023comparison,
  author    = {Diego Almeida and Pedro Costa and Mariana Silva},
  title     = {Comparison between Machine Learning and Deep Learning Approaches for the Detection of Toxic Comments on Social Networks},
  journal   = {Applied Sciences},
  volume    = {13},
  number    = {10},
  pages     = {6038},
  year      = {2023},
  publisher = {MDPI},
  doi       = {10.3390/app13106038},
  url       = {https://www.mdpi.com/2076-3417/13/10/6038}
}

@inproceedings{wei2019eda,
  title={EDA: Easy Data Augmentation Techniques for Boosting Performance on Text Classification Tasks},
  author={Wei, Jason and Zou, Kai},
  booktitle={Proceedings of the 2019 Conference on Empirical Methods in Natural Language Processing (EMNLP)},
  year={2019}
}

@misc{zandt2024,
  author = {Zandt, De},
  title = {Meta's Hate Speech Problem},
  year = {2024},
  url = {https://www.statista.com/chart/21704/hate-speech-content-removed-by-facebook/},
  note = {Accessed: May 2025}
}

@misc{geeksforgeeks_svm,
  author       = {GeeksforGeeks},
  title        = {Support Vector Machine (SVM) Algorithm},
  year         = {n.d.},
  note         = {\url{https://www.geeksforgeeks.org/support-vector-machine-algorithm/}},
  howpublished = {Online; accessed May 2025}
}

@misc{mlp_gfg,
  author       = {GeeksforGeeks},
  title        = {Multi-Layer Perceptron Learning in TensorFlow},
  year         = {n.d.},
  url          = {https://www.geeksforgeeks.org/multi-layer-perceptron-learning-in-tensorflow/},
  note         = {Accessed: 2025-05-26}
}

